<record xmlns:xsi="http://www.w3.org/2001/XMLSchema-instance" xmlns="http://www.loc.gov/MARC21/slim" xsi:schemaLocation="http://www.loc.gov/MARC21/slim http://www.loc.gov/standards/marcxml/schema/MARC21slim.xsd">

  <leader>00461nam a2200157Ia 4500</leader>
  <controlfield tag="008">150818b1975    sp ||||| |||| 00| | spa d</controlfield>
  <datafield ind1=" " ind2=" " tag="020">
    <subfield code="a">8471121603</subfield>
  </datafield>
  <datafield tag="090" ind1=" " ind2=" ">
    <subfield code="a">531.6  </subfield>
    <subfield code="b">P579c</subfield>
  </datafield>
  <datafield tag="245" ind1="1" ind2="3">
    <subfield code="a">La composición de las fuerzas y el problema de los vectores / </subfield>
    <subfield code="c">Jean Piaget, ...[et al.]</subfield>
  </datafield>
  <datafield ind1=" " ind2=" " tag="260">
    <subfield code="a">Madrid, España :</subfield>
    <subfield code="b">Ediciones Morata, </subfield>
    <subfield code="c">1975</subfield>
  </datafield>
  <datafield tag="300" ind1=" " ind2=" ">
    <subfield code="a">191 páginas</subfield>
  </datafield>
  <datafield tag="650" ind1="1" ind2="4">
    <subfield code="a">VECTORES</subfield>
    <subfield code="9">879</subfield>
  </datafield>
  <datafield tag="650" ind2=" " ind1=" ">
    <subfield code="a">FUERZA</subfield>
  </datafield>
  <datafield ind1=" " ind2=" " tag="700">
    <subfield code="a">Piaget, Jean</subfield>
  </datafield>
  <datafield ind1=" " ind2=" " tag="942">
    <subfield code="2">z</subfield>
    <subfield code="c">01</subfield>
  </datafield>
  <datafield tag="999" ind1=" " ind2=" ">
    <subfield code="c">215</subfield>
    <subfield code="d">215</subfield>
  </datafield>
</record>